time,symbol,bid,bid_size,ask,ask_size
09:00:00.007,SPY,205.24,1138,205.25,406
09:00:00.007,SPY,205.24,1055,205.25,406
09:00:00.007,SPY,205.24,1138,205.25,406
09:00:00.007,SPY,205.24,1055,205.25,906
09:00:00.007,SPY,205.24,855,205.25,906
09:00:00.008,EEM,39.2,49524,39.21,7413
09:00:00.008,SPY,205.24,602,205.25,1306
09:00:00.008,SPY,205.24,600,205.25,1306
09:00:00.008,SPY,205.24,400,205.25,1306
09:00:00.008,SPY,205.24,200,205.25,1306
09:00:00.008,SPY,205.23,18583,205.25,1306
09:00:00.008,SPY,205.23,18500,205.25,1306
09:00:00.009,SPY,205.23,18583,205.25,2206
09:00:00.009,SPY,205.23,18383,205.25,2406
09:00:00.009,SPY,205.23,18183,205.25,2406
09:00:00.009,SPY,205.23,16683,205.25,2606
09:00:00.009,SPY,205.23,16483,205.25,2606
09:00:00.009,SPY,205.23,16283,205.25,2606
09:00:00.009,SPY,205.23,16083,205.25,2606
09:00:00.009,SPY,205.23,11083,205.25,2406
09:00:00.009,IWM,117.07,4100,117.09,300
09:00:00.009,IWM,117.07,2100,117.09,300
09:00:00.010,SPY,205.23,11000,205.25,3806
09:00:00.010,SPY,205.23,11083,205.25,3806
09:00:00.011,SPY,205.23,11000,205.25,4006
09:00:00.011,SPY,205.23,10800,205.25,4606
09:00:00.011,IWM,117.07,2000,117.09,1400
09:00:00.011,IWM,117.07,3000,117.09,1400
09:00:00.012,EEM,39.2,44684,39.21,7413
09:00:00.012,IWM,117.07,2000,117.09,1400
09:00:00.012,IWM,117.07,1900,117.09,1400
09:00:00.013,EEM,39.2,46724,39.21,7413
09:00:00.013,BAC,17.61,20000,17.62,700
09:00:00.014,SPY,205.23,10300,205.25,8406
09:00:00.014,SPY,205.23,9800,205.25,8406
09:00:00.014,SPY,205.23,8320,205.25,11406
09:00:00.014,IWM,117.07,1000,117.09,2500
09:00:00.015,EEM,39.2,31724,39.21,7113
09:00:00.015,SPY,205.23,7820,205.25,11406
09:00:00.015,IWM,117.07,800,117.09,2000
09:00:00.016,EEM,39.2,30724,39.21,7113
09:00:00.016,SPY,205.23,6920,205.25,11406
09:00:00.016,SPY,205.23,6520,205.25,11406
09:00:00.016,SPY,205.23,5520,205.25,11406
09:00:00.016,SPY,205.23,5320,205.25,11406
09:00:00.016,SPY,205.23,5120,205.25,11406
09:00:00.016,SPY,205.23,4320,205.25,11406
09:00:00.016,SPY,205.23,3920,205.25,11406
09:00:00.016,SPY,205.23,3720,205.25,11406
09:00:00.016,SPY,205.23,3520,205.25,11406
09:00:00.016,SPY,205.23,3320,205.25,11406
09:00:00.018,EEM,39.2,30824,39.21,5613
09:00:00.019,EEM,39.2,30924,39.21,7413
09:00:00.019,SPY,205.23,2520,205.25,16406
09:00:00.020,SPY,205.23,2120,205.25,16406
09:00:00.021,SPY,205.23,1520,205.25,10406
09:00:00.021,SPY,205.23,800,205.25,10406
09:00:00.021,SPY,205.23,620,205.25,10406
09:00:00.021,SPY,205.23,600,205.25,10406
09:00:00.021,SPY,205.23,420,205.25,10406
09:00:00.021,SPY,205.23,300,205.25,10406
09:00:00.021,SPY,205.23,200,205.25,10406
09:00:00.021,SPY,205.22,12572,205.25,10406
09:00:00.023,SPY,205.22,12372,205.23,3780
09:00:00.024,EEM,39.2,31424,39.21,7413
09:00:00.027,SPY,205.22,12289,205.23,3180
09:00:00.027,SPY,205.22,12089,205.23,3680
09:00:00.027,SPY,205.22,11889,205.23,3680
09:00:00.027,SPY,205.22,10189,205.23,3680
09:00:00.027,SPY,205.22,10289,205.23,3680
09:00:00.027,SPY,205.22,10189,205.23,3680
09:00:00.028,SPY,205.22,9689,205.23,3680
09:00:00.028,BAC,17.61,17900,17.62,1300
09:00:00.031,EEM,39.2,33844,39.21,7413
09:00:00.031,SPY,205.22,9589,205.23,3680
09:00:00.031,SPY,205.22,9089,205.23,3680
09:00:00.032,EEM,39.2,31424,39.21,7413
09:00:00.033,EEM,39.2,32924,39.21,7413
09:00:00.033,SPY,205.22,8689,205.23,1300
09:00:00.033,SPY,205.22,8489,205.23,1300
09:00:00.033,SPY,205.22,8089,205.23,1300
09:00:00.035,EEM,39.2,31424,39.21,7413
09:00:00.036,SPY,205.22,7989,205.23,1100
09:00:00.036,AAPL,112.88,100,112.91,200
09:00:00.037,SPY,205.22,7997,205.23,1100
09:00:00.043,EEM,39.2,46424,39.21,7413
09:00:00.067,EEM,39.2,31424,39.21,7413
09:00:00.079,SPY,205.22,8097,205.23,4100
09:00:00.084,EEM,39.2,33844,39.21,7413
09:00:00.085,EEM,39.2,31424,39.21,7413
09:00:00.087,EEM,39.2,32924,39.21,7413
09:00:00.088,EEM,39.2,31424,39.21,7413
09:00:00.123,SPY,205.22,7797,205.23,6100
09:00:00.183,EEM,39.2,46424,39.21,7413
09:00:00.214,IWM,117.07,1800,117.09,1300
09:00:00.263,IWM,117.07,1900,117.09,400
09:00:00.273,EEM,39.2,46124,39.21,7413
09:00:00.303,EEM,39.2,48544,39.21,7413
09:00:00.303,EEM,39.2,50964,39.21,7413
09:00:00.303,EEM,39.2,51964,39.21,7413
09:00:00.305,SPY,205.22,7997,205.23,4200
09:00:00.336,SPY,205.22,7985,205.23,4000
09:00:00.368,SPY,205.22,7785,205.23,4200
09:00:00.380,EEM,39.2,36964,39.21,7413
09:00:00.419,SPY,205.22,7985,205.23,4000
09:00:00.427,IWM,117.07,2000,117.09,300
09:00:00.428,SPY,205.22,8068,205.23,4000
09:00:00.428,SPY,205.22,7985,205.23,4000
09:00:00.428,IWM,117.07,1000,117.09,300
09:00:00.428,IWM,117.07,2000,117.09,100
09:00:00.429,IWM,117.07,1900,117.09,100
09:00:00.429,IWM,117.08,100,117.09,100
09:00:00.429,IWM,117.07,2800,117.09,100
09:00:00.430,SPY,205.22,8185,205.23,3800
09:00:00.431,SPY,205.22,8385,205.23,3600
09:00:00.431,SPY,205.22,8185,205.23,3600
09:00:00.431,SPY,205.22,7985,205.23,3600
09:00:00.431,SPY,205.22,8185,205.23,3800
09:00:00.433,SPY,205.22,7985,205.23,3800
09:00:00.447,EEM,39.2,51964,39.21,7413
09:00:00.460,SPY,205.22,7185,205.23,3800
09:00:00.461,SPY,205.22,6985,205.23,4000
09:00:00.537,IWM,117.07,1800,117.09,100
09:00:00.539,IWM,117.07,900,117.09,100
09:00:00.543,IWM,117.07,1900,117.09,100
09:00:00.546,IWM,117.07,2800,117.09,100
09:00:00.546,IWM,117.07,2900,117.09,100
09:00:00.547,IWM,117.07,2600,117.09,100
09:00:00.547,IWM,117.07,2500,117.09,100
09:00:00.547,IWM,117.08,100,117.09,100
09:00:00.547,IWM,117.08,200,117.09,100
09:00:00.550,IWM,117.08,100,117.09,100
09:00:00.550,IWM,117.07,2500,117.09,100
09:00:00.565,SPY,205.22,1008,205.23,4200
09:00:00.565,SPY,205.22,508,205.23,4200
09:00:00.565,SPY,205.22,408,205.23,4200
09:00:00.565,SPY,205.22,108,205.23,4200
09:00:00.565,SPY,205.22,100,205.23,4200
09:00:00.565,SPY,205.21,1300,205.23,4200
09:00:00.565,SPY,205.21,1383,205.23,7226
09:00:00.566,SPY,205.21,1183,205.23,16226
09:00:00.566,SPY,205.21,683,205.23,16226
09:00:00.566,SPY,205.21,583,205.23,16226
09:00:00.566,SPY,205.21,383,205.23,16226
09:00:00.566,SPY,205.21,183,205.23,16226
09:00:00.566,SPY,205.21,100,205.23,16226
09:00:00.566,SPY,205.2,11035,205.23,16226
09:00:00.566,SPY,205.2,10952,205.23,16226
09:00:00.566,SPY,205.21,100,205.22,7600
09:00:00.568,SPY,205.2,9752,205.22,7400
09:00:00.570,EEM,39.2,36964,39.21,7513
09:00:00.570,SPY,205.21,200,205.22,8200
09:00:00.571,SPY,205.2,9752,205.22,8200
09:00:00.572,BAC,17.61,20000,17.62,1500
09:00:00.581,SPY,205.2,9952,205.22,8200
09:00:00.582,SPY,205.2,9752,205.22,8200
09:00:00.582,SPY,205.21,200,205.22,8200
09:00:00.634,SPY,205.2,13850,205.22,7700
09:00:00.636,SPY,205.2,13950,205.22,7700
09:00:00.652,EEM,39.2,51964,39.21,7513
09:00:00.663,SPY,205.21,100,205.22,7300
09:00:00.675,EEM,39.2,36964,39.21,7513
09:00:00.713,EEM,39.2,37864,39.21,7513
09:00:00.750,IWM,117.08,100,117.09,100
09:00:00.852,SPY,205.21,2100,205.22,4900
09:00:00.853,SPY,205.21,2300,205.22,4900
09:00:00.853,SPY,205.21,2500,205.22,4900
09:00:00.854,SPY,205.21,2700,205.22,400
09:00:00.854,SPY,205.21,2900,205.22,400
09:00:00.854,SPY,205.21,3100,205.22,200
09:00:00.856,IWM,117.08,400,117.09,100
09:00:00.857,SPY,205.21,3300,205.23,5000
09:00:00.857,SPY,205.21,3400,205.23,5000
09:00:00.858,SPY,205.21,3600,205.23,5000
09:00:00.858,SPY,205.21,3800,205.23,4800
09:00:00.858,SPY,205.21,4000,205.23,4800
09:00:00.858,SPY,205.21,4200,205.23,4800
09:00:00.858,SPY,205.21,4100,205.23,4800
09:00:00.859,SPY,205.21,4000,205.23,4800
09:00:00.859,SPY,205.21,3800,205.23,4800
09:00:00.859,SPY,205.21,3600,205.23,4800
09:00:00.859,SPY,205.21,3400,205.23,4800
09:00:00.859,SPY,205.21,3200,205.23,4800
09:00:00.859,SPY,205.22,100,205.23,4800
09:00:00.859,SPY,205.22,300,205.23,4800
09:00:00.859,SPY,205.22,500,205.23,4800
09:00:00.859,SPY,205.22,700,205.23,4800
09:00:00.859,SPY,205.22,900,205.23,4800
09:00:00.859,SPY,205.22,1100,205.23,4300
09:00:00.859,SPY,205.22,900,205.23,4300
09:00:00.861,SPY,205.22,700,205.23,4300
09:00:00.862,SPY,205.22,500,205.23,4300
09:00:00.863,EEM,39.2,52864,39.21,7413
09:00:00.867,SPY,205.22,400,205.23,4300
09:00:00.871,SPY,205.22,200,205.23,4300
09:00:00.872,SPY,205.21,3200,205.23,4300
09:00:00.883,SPY,205.21,1200,205.23,4500
09:00:00.884,IWM,117.08,1300,117.09,100
09:00:00.886,SPY,205.22,200,205.23,4500
09:00:00.886,SPY,205.22,400,205.23,4300
09:00:00.886,SPY,205.22,500,205.23,4300
09:00:00.886,SPY,205.22,300,205.23,4300
09:00:00.886,SPY,205.22,100,205.23,4300
09:00:00.891,SPY,205.21,1200,205.23,6200
09:00:00.897,EEM,39.2,37864,39.21,7413
09:00:00.902,SPY,205.21,3200,205.23,4500
09:00:00.908,SPY,205.21,3300,205.23,4900
09:00:00.909,SPY,205.21,3100,205.22,400
09:00:00.909,SPY,205.21,2900,205.22,600
09:00:00.909,SPY,205.21,2800,205.22,600
09:00:00.915,SPY,205.21,2600,205.22,600
09:00:00.923,SPY,205.21,2800,205.22,600
09:00:00.925,SPY,205.21,2600,205.22,600
09:00:00.927,EEM,39.2,52864,39.21,7513
09:00:00.938,SPY,205.21,2400,205.22,600
09:00:00.992,SPY,205.21,2600,205.22,600
09:00:00.992,SPY,205.21,2800,205.22,200
09:00:01.014,SPY,205.21,2600,205.22,200
09:00:01.024,AAPL,112.86,400,112.89,300
09:00:01.025,AAPL,112.86,300,112.88,400
09:00:01.025,AAPL,112.86,200,112.88,400
09:00:01.026,AAPL,112.86,100,112.88,400
09:00:01.029,AAPL,112.84,400,112.88,400
09:00:01.029,AAPL,112.84,300,112.88,400
09:00:01.030,AAPL,112.85,100,112.88,300
09:00:01.032,IWM,117.08,1400,117.1,100
09:00:01.032,IWM,117.08,1500,117.1,100
09:00:01.032,AAPL,112.84,200,112.88,400
09:00:01.033,IWM,117.08,1400,117.1,100
09:00:01.033,IWM,117.08,1300,117.1,100
09:00:01.033,IWM,117.09,100,117.1,100
09:00:01.033,IWM,117.09,200,117.1,100
09:00:01.033,AAPL,112.84,300,112.88,300
09:00:01.033,AAPL,112.84,200,112.88,300
09:00:01.033,AAPL,112.85,100,112.88,300
09:00:01.034,SPY,205.21,2800,205.22,200
09:00:01.034,SPY,205.21,3000,205.22,200
09:00:01.034,IWM,117.09,100,117.1,100
09:00:01.035,IWM,117.08,1300,117.1,100
09:00:01.045,IWM,117.08,2300,117.1,100
09:00:01.046,AAPL,112.85,300,112.88,300
09:00:01.047,AAPL,112.85,100,112.88,300
09:00:01.047,AAPL,112.86,200,112.88,300
09:00:01.055,SPY,205.21,3100,205.23,4700
09:00:01.055,SPY,205.21,3300,205.23,4700
09:00:01.102,SPY,205.21,3100,205.23,4700
09:00:01.105,SPY,205.21,3000,205.23,4700
09:00:01.114,IWM,117.08,1300,117.1,100
09:00:01.117,SPY,205.21,1000,205.23,4700
09:00:01.118,SPY,205.21,1200,205.23,4700
09:00:01.118,SPY,205.21,6200,205.23,4700
09:00:01.120,SPY,205.21,6000,205.23,4700
09:00:01.120,SPY,205.21,5800,205.23,4700
09:00:01.120,SPY,205.21,5600,205.23,4700
09:00:01.121,SPY,205.21,5400,205.22,400
09:00:01.121,SPY,205.21,400,205.22,400
09:00:01.122,EEM,39.2,37864,39.21,7513
09:00:01.164,SPY,205.21,600,205.22,600
09:00:01.237,SPY,205.21,800,205.22,800
09:00:01.240,EEM,39.2,52864,39.21,7513
09:00:01.264,SPY,205.21,2800,205.22,800
09:00:01.267,SPY,205.21,3000,205.22,200
09:00:01.267,SPY,205.21,3200,205.23,4500
09:00:01.267,SPY,205.21,3400,205.23,4500
09:00:01.277,IWM,117.08,2300,117.1,100
09:00:01.281,SPY,205.21,4300,205.23,4300
09:00:01.319,SPY,205.21,4100,205.23,4700
09:00:01.349,EEM,39.2,62864,39.21,7513
09:00:01.350,EEM,39.2,67864,39.21,7013
09:00:01.350,SPY,205.21,4300,205.23,4700
09:00:01.365,SPY,205.21,4100,205.23,4700
09:00:01.365,SPY,205.21,3900,205.23,4700
09:00:01.380,SPY,205.21,3700,205.22,400
09:00:01.430,SPY,205.21,3900,205.22,200
09:00:01.432,SPY,205.21,4100,205.23,1200
09:00:01.432,SPY,205.21,4300,205.23,1200
09:00:01.459,SPY,205.21,4100,205.23,1200
09:00:01.508,SPY,205.21,3900,205.23,1200
09:00:01.529,SPY,205.21,4100,205.23,1200
09:00:01.529,SPY,205.21,4300,205.23,1200
09:00:01.549,SPY,205.21,4100,205.23,1200
09:00:01.558,SPY,205.21,4300,205.23,1200
09:00:01.584,SPY,205.21,9300,205.23,800
09:00:01.584,SPY,205.21,9400,205.23,800
09:00:01.585,SPY,205.21,9600,205.23,800
09:00:01.594,SPY,205.21,9400,205.23,800
09:00:01.622,SPY,205.21,9600,205.23,800
09:00:01.624,SPY,205.21,9400,205.23,800
09:00:01.634,SPY,205.21,9300,205.23,1000
09:00:01.636,AAPL,112.86,300,112.88,200
09:00:01.640,AAPL,112.86,400,112.89,100
09:00:01.640,AAPL,112.87,100,112.9,200
09:00:01.645,EEM,39.2,57864,39.21,7013
09:00:01.645,EEM,39.2,52864,39.21,7013
09:00:01.648,AAPL,112.87,200,112.9,300
09:00:01.649,AAPL,112.87,100,112.9,400
09:00:01.757,AAPL,112.86,200,112.89,200
09:00:01.757,AAPL,112.86,100,112.89,200
09:00:01.765,AAPL,112.86,114,112.9,200
09:00:01.766,AAPL,112.86,100,112.9,200
09:00:01.857,AAPL,112.86,200,112.9,200
09:00:01.910,AAPL,112.86,100,112.89,100
09:00:02.080,SPY,205.21,9400,205.23,1200
09:00:02.090,SPY,205.21,9300,205.23,1200
09:00:02.090,SPY,205.21,9100,205.23,1200
09:00:02.090,SPY,205.21,8900,205.23,1200
09:00:02.109,SPY,205.21,8700,205.22,200
09:00:02.109,AAPL,112.85,300,112.89,200
09:00:02.109,AAPL,112.85,200,112.89,200
09:00:02.109,BAC,17.61,21000,17.62,3000
09:00:02.109,BAC,17.61,22000,17.62,4000
09:00:02.109,BAC,17.61,23000,17.62,4000
09:00:02.109,BAC,17.61,24000,17.62,5000
09:00:02.109,BAC,17.61,25000,17.62,5000
09:00:02.110,AAPL,112.85,100,112.89,300
09:00:02.119,SPY,205.21,8900,205.23,1200
09:00:02.124,IWM,117.09,200,117.11,2100
09:00:02.126,IWM,117.09,500,117.11,2100
09:00:02.127,IWM,117.09,200,117.11,2150
09:00:02.134,SPY,205.21,8700,205.23,1200
09:00:02.134,SPY,205.21,8500,205.23,1200
09:00:02.147,IWM,117.09,300,117.11,2100
09:00:02.180,IWM,117.09,200,117.11,2100
09:00:02.184,SPY,205.21,8700,205.23,1200
09:00:02.184,SPY,205.21,8900,205.23,1200
09:00:02.190,SPY,205.21,9100,205.23,1200
09:00:02.190,SPY,205.21,9300,205.23,1200
09:00:02.216,SPY,205.21,9400,205.23,1200
09:00:02.216,SPY,205.21,9300,205.23,1200
09:00:02.216,IWM,117.09,500,117.11,2100
09:00:02.216,IWM,117.09,200,117.11,2100
09:00:02.261,IWM,117.09,300,117.11,2100
09:00:02.272,IWM,117.09,600,117.11,1200
09:00:02.293,SPY,205.22,200,205.23,800
09:00:02.293,SPY,205.22,400,205.23,800
09:00:02.300,SPY,205.22,200,205.23,800
09:00:02.318,SPY,205.21,9300,205.23,1000
09:00:02.318,IWM,117.09,400,117.11,2100
09:00:02.368,SPY,205.22,200,205.23,800
09:00:02.378,SPY,205.21,9300,205.23,1200
09:00:02.420,AAPL,112.86,200,112.89,200
09:00:02.421,AAPL,112.86,400,112.9,200
09:00:02.454,SPY,205.22,200,205.24,2000
09:00:02.454,SPY,205.22,400,205.24,2000
09:00:02.454,SPY,205.22,600,205.24,2000
09:00:02.454,SPY,205.22,800,205.24,1500
09:00:02.454,SPY,205.22,1000,205.24,1500
09:00:02.454,SPY,205.22,1200,205.24,1500
09:00:02.455,SPY,205.22,1400,205.24,1100
09:00:02.455,SPY,205.22,1600,205.24,900
09:00:02.455,SPY,205.22,1700,205.24,700
09:00:02.455,IWM,117.09,100,117.11,1100
09:00:02.455,IWM,117.09,400,117.11,1100
09:00:02.455,IWM,117.09,1400,117.11,1100
09:00:02.456,SPY,205.22,1900,205.24,500
09:00:02.456,SPY,205.22,2100,205.24,500
09:00:02.456,SPY,205.22,2300,205.24,300
09:00:02.456,SPY,205.22,2100,205.24,300
09:00:02.456,SPY,205.22,2000,205.24,300
09:00:02.456,SPY,205.22,2200,205.24,300
09:00:02.456,SPY,205.22,2000,205.24,100
09:00:02.456,SPY,205.22,1800,205.24,100
09:00:02.456,SPY,205.22,1600,205.24,100
09:00:02.456,SPY,205.22,1400,205.24,100
09:00:02.456,SPY,205.22,1200,205.24,100
09:00:02.456,SPY,205.23,200,205.24,100
09:00:02.456,SPY,205.23,400,205.24,100
09:00:02.456,SPY,205.23,600,205.24,100
09:00:02.456,SPY,205.23,800,205.24,100
09:00:02.456,SPY,205.23,1000,205.24,100
09:00:02.457,SPY,205.23,1200,205.24,100
09:00:02.457,SPY,205.23,1000,205.24,300
09:00:02.458,SPY,205.23,800,205.24,300
09:00:02.458,IWM,117.09,2300,117.11,100
09:00:02.460,SPY,205.23,600,205.24,500
09:00:02.464,SPY,205.23,400,205.24,1200
09:00:02.481,IWM,117.1,100,117.11,100
09:00:02.488,AAPL,112.86,200,112.9,200
09:00:02.505,SPY,205.23,200,205.24,1400
09:00:02.505,SPY,205.22,1200,205.24,1400
09:00:02.507,SPY,205.22,1300,205.24,1800
09:00:02.520,IWM,117.1,1000,117.11,100
09:00:02.565,SPY,205.23,200,205.24,1100
09:00:02.611,SPY,205.22,1200,205.24,900
09:00:02.613,SPY,205.22,1300,205.24,1300
09:00:02.729,IWM,117.1,100,117.11,100
09:00:02.762,AAPL,112.86,100,112.89,200
09:00:02.768,SPY,205.22,1500,205.24,1800
09:00:02.778,IWM,117.1,1000,117.11,100
09:00:02.830,SPY,205.22,1400,205.24,1300
09:00:02.834,SPY,205.22,1200,205.24,1300
09:00:02.834,SPY,205.23,200,205.24,1300
09:00:02.853,SPY,205.23,400,205.24,1100
09:00:02.880,SPY,205.23,200,205.24,1300
09:00:02.941,EEM,39.2,52364,39.21,6913
09:00:02.944,IWM,117.1,2000,117.11,100
09:00:02.945,IWM,117.1,2300,117.11,100
09:00:02.946,IWM,117.1,2000,117.11,100
09:00:02.968,SPY,205.23,400,205.24,900
09:00:02.972,SPY,205.23,600,205.24,700
09:00:02.974,SPY,205.23,800,205.24,700
09:00:02.981,SPY,205.23,600,205.24,1000
09:00:02.981,SPY,205.23,400,205.24,1200
09:00:02.992,IWM,117.1,2300,117.11,100
09:00:03.032,IWM,117.1,3195,117.12,200
09:00:03.033,SPY,205.23,600,205.24,1200
09:00:03.033,IWM,117.1,3295,117.12,200
09:00:03.033,IWM,117.1,3395,117.12,100
09:00:03.033,IWM,117.1,3495,117.12,100
09:00:03.033,IWM,117.1,3695,117.12,100
09:00:03.033,IWM,117.1,2800,117.12,100
09:00:03.033,IWM,117.1,2700,117.12,100
09:00:03.033,IWM,117.1,2600,117.12,100
09:00:03.033,IWM,117.1,2500,117.12,100
09:00:03.033,IWM,117.1,2300,117.12,100
09:00:03.033,IWM,117.11,895,117.12,100
09:00:03.033,IWM,117.11,995,117.12,100
09:00:03.033,IWM,117.11,1095,117.12,100
09:00:03.033,IWM,117.11,1195,117.12,100
09:00:03.033,IWM,117.11,1395,117.12,100
09:00:03.035,IWM,117.11,2295,117.13,300
09:00:03.035,IWM,117.11,2195,117.13,300
09:00:03.035,IWM,117.11,2495,117.13,300
09:00:03.043,SPY,205.23,400,205.24,1400
09:00:03.238,SPY,205.23,600,205.24,1600
09:00:03.240,SPY,205.23,800,205.24,1000
09:00:03.325,SPY,205.23,1000,205.24,100
09:00:03.325,SPY,205.23,1200,205.24,100
09:00:03.325,SPY,205.23,1400,205.24,100
09:00:03.325,SPY,205.23,2900,205.24,100
09:00:03.325,SPY,205.23,4900,205.24,100
09:00:03.325,SPY,205.23,6900,205.24,100
09:00:03.325,IWM,117.12,100,117.13,1200
09:00:03.326,SPY,205.24,1800,205.25,3306
09:00:03.326,SPY,205.24,2000,205.25,2406
09:00:03.326,SPY,205.24,2200,205.25,2406
09:00:03.326,SPY,205.24,2400,205.25,2406
09:00:03.326,SPY,205.24,2600,205.25,2406
09:00:03.328,SPY,205.24,2700,205.25,2206
09:00:03.328,SPY,205.24,2900,205.25,2206
09:00:03.330,AAPL,112.86,200,112.89,100
09:00:03.331,SPY,205.24,3100,205.25,2206
09:00:03.331,AAPL,112.86,300,112.89,100
09:00:03.333,EEM,39.2,62364,39.21,5913
09:00:03.333,SPY,205.24,2900,205.25,2206
09:00:03.336,EEM,39.2,67364,39.21,5913
09:00:03.338,SPY,205.24,3000,205.25,2206
09:00:03.339,SPY,205.24,2800,205.25,2206
09:00:03.340,AAPL,112.86,200,112.9,100
09:00:03.341,EEM,39.2,66464,39.21,5913
09:00:03.341,SPY,205.24,2600,205.25,2206
09:00:03.347,SPY,205.24,2400,205.25,2606
09:00:03.351,EEM,39.2,51464,39.21,4313
09:00:03.354,EEM,39.2,41464,39.21,4313
09:00:03.354,EEM,39.2,36464,39.21,4313
09:00:03.354,IWM,117.11,2495,117.13,1681
09:00:03.377,SPY,205.24,2200,205.25,2606
09:00:03.388,AAPL,112.86,100,112.89,100
09:00:03.428,SPY,205.24,2400,205.25,2306
09:00:03.428,SPY,205.24,2600,205.25,2106
09:00:03.435,EEM,39.2,41464,39.21,3413
09:00:03.435,EEM,39.2,51464,39.21,3413
09:00:03.445,SPY,205.24,2400,205.25,2106
09:00:03.451,EEM,39.2,66464,39.21,3413
09:00:03.456,AAPL,112.87,200,112.9,300
09:00:03.456,AAPL,112.87,300,112.9,200
09:00:03.456,AAPL,112.87,400,112.9,100
09:00:03.457,AAPL,112.88,300,112.91,1300
09:00:03.462,SPY,205.24,2200,205.25,2806
09:00:03.462,IWM,117.11,2295,117.13,1681
09:00:03.466,EEM,39.2,51464,39.21,3413
09:00:03.470,AAPL,112.88,400,112.91,100
09:00:03.470,AAPL,112.88,500,112.91,100
09:00:03.471,EEM,39.2,41464,39.21,3913
09:00:03.471,AAPL,112.88,200,112.91,100
09:00:03.471,AAPL,112.9,300,112.91,100
09:00:03.472,EEM,39.2,36464,39.21,3913
09:00:03.472,AAPL,112.88,400,112.91,100
09:00:03.472,AAPL,112.88,300,112.91,100
09:00:03.472,AAPL,112.88,200,112.9,100
09:00:03.473,AAPL,112.88,100,112.9,300
09:00:03.485,AAPL,112.88,200,112.91,100
09:00:03.492,AAPL,112.88,300,112.91,100
09:00:03.494,AAPL,112.91,100,112.92,1700
09:00:03.499,AAPL,112.89,200,112.92,800
09:00:03.500,AAPL,112.89,100,112.92,900
09:00:03.500,AAPL,112.88,300,112.92,900
09:00:03.508,AAPL,112.89,100,112.92,900
09:00:03.518,AAPL,112.89,300,112.92,800
09:00:03.518,AAPL,112.89,200,112.93,1600
09:00:03.519,AAPL,112.89,300,112.93,700
09:00:03.519,AAPL,112.89,200,112.93,700
09:00:03.519,AAPL,112.92,100,112.93,500
09:00:03.552,AAPL,112.91,200,112.93,200
09:00:03.554,AAPL,112.91,100,112.94,100
09:00:03.572,AAPL,112.91,200,112.95,300
09:00:03.573,AAPL,112.93,300,112.95,300
09:00:03.574,SPY,205.24,400,205.25,4506
09:00:03.599,EEM,39.2,51464,39.21,3913
