time,symbol,bid,bid_size,ask,ask_size
09:00:00.006,SPY,205.24,400,205.25,200
09:00:00.008,EEM,39.2,20040,39.21,12100
09:00:00.008,IWM,117.07,3900,117.09,450
09:00:00.008,SPY,205.24,300,205.25,200
09:00:00.008,SPY,205.24,267,205.25,200
09:00:00.008,SPY,205.24,200,205.25,200
09:00:00.008,SPY,205.23,5500,205.25,200
09:00:00.008,SPY,205.23,5300,205.25,746
09:00:00.008,SPY,205.23,5100,205.25,746
09:00:00.008,SPY,205.23,4900,205.25,746
09:00:00.008,SPY,205.23,4800,205.25,746
09:00:00.008,SPY,205.23,4700,205.25,746
09:00:00.008,SPY,205.23,3200,205.25,746
09:00:00.009,IWM,117.07,1900,117.09,450
09:00:00.009,SPY,205.23,3300,205.25,1585
09:00:00.010,IWM,117.07,1800,117.09,1650
09:00:00.010,SPY,205.23,3100,205.25,2285
09:00:00.010,SPY,205.23,1100,205.25,4985
09:00:00.011,BAC,17.61,14800,17.62,10400
09:00:00.011,IWM,117.07,1700,117.09,1550
09:00:00.011,IWM,117.07,1600,117.09,1550
09:00:00.011,SPY,205.23,900,205.25,5085
09:00:00.012,AAPL,112.89,100,112.92,200
09:00:00.012,BAC,17.61,14900,17.62,10400
09:00:00.012,EEM,39.2,17620,39.21,13100
09:00:00.013,IWM,117.07,100,117.09,1650
09:00:00.013,SPY,205.23,700,205.25,8085
09:00:00.013,SPY,205.23,200,205.25,10085
09:00:00.013,SPY,205.23,100,205.25,10085
09:00:00.013,SPY,205.22,400,205.25,10085
09:00:00.014,SPY,205.22,200,205.25,10790
09:00:00.015,EEM,39.2,16620,39.21,12000
09:00:00.019,EEM,39.2,16720,39.21,12100
09:00:00.019,SPY,205.22,300,205.25,13390
09:00:00.022,SPY,205.22,100,205.25,13990
09:00:00.024,EEM,39.2,17220,39.21,12100
09:00:00.026,SPY,205.21,2800,205.25,12090
09:00:00.027,BAC,17.61,12800,17.62,10400
09:00:00.028,BAC,17.61,12700,17.62,10400
09:00:00.029,SPY,205.21,2700,205.23,1446
09:00:00.029,SPY,205.21,2600,205.23,1446
09:00:00.030,SPY,205.21,2400,205.23,1746
09:00:00.031,EEM,39.2,18430,39.21,12100
09:00:00.031,SPY,205.21,2600,205.23,1746
09:00:00.031,SPY,205.21,2400,205.23,1746
09:00:00.032,EEM,39.2,17220,39.21,12100
09:00:00.032,SPY,205.21,2600,205.23,1546
09:00:00.033,EEM,39.2,18720,39.21,12100
09:00:00.035,AAPL,112.88,314,112.91,200
09:00:00.035,EEM,39.2,17220,39.21,12100
09:00:00.054,SPY,205.21,2800,205.23,1346
09:00:00.065,SPY,205.21,2600,205.23,3546
09:00:00.068,AAPL,112.88,214,112.9,500
09:00:00.075,SPY,205.21,2800,205.23,3546
09:00:00.079,SPY,205.21,2900,205.23,3546
09:00:00.079,SPY,205.21,3000,205.23,3546
09:00:00.084,EEM,39.2,18430,39.21,12100
09:00:00.085,EEM,39.2,17220,39.21,12100
09:00:00.086,EEM,39.2,18720,39.21,12100
09:00:00.086,SPY,205.21,3200,205.23,3446
09:00:00.086,SPY,205.21,3000,205.23,3446
09:00:00.087,EEM,39.2,17220,39.21,12100
09:00:00.097,SPY,205.21,2900,205.23,3446
09:00:00.106,AAPL,112.88,14,112.9,500
09:00:00.116,SPY,205.21,2800,205.23,5446
09:00:00.249,IWM,117.07,200,117.08,500
09:00:00.250,SPY,205.21,2900,205.23,9146
09:00:00.251,SPY,205.21,2800,205.23,9146
09:00:00.302,SPY,205.21,2900,205.23,4546
09:00:00.302,SPY,205.21,3000,205.23,4546
09:00:00.303,EEM,39.2,18430,39.21,13100
09:00:00.303,EEM,39.2,19430,39.21,13100
09:00:00.303,SPY,205.21,3200,205.23,4546
09:00:00.304,SPY,205.21,3000,205.23,2546
09:00:00.305,SPY,205.22,200,205.23,1046
09:00:00.305,SPY,205.22,400,205.23,1046
09:00:00.312,SPY,205.22,600,205.23,1046
09:00:00.327,SPY,205.22,700,205.23,1046
09:00:00.367,SPY,205.22,500,205.23,1246
09:00:00.367,SPY,205.22,300,205.23,1246
09:00:00.367,SPY,205.22,100,205.23,1246
09:00:00.405,SPY,205.22,300,205.23,1246
09:00:00.419,SPY,205.22,500,205.23,1246
09:00:00.426,IWM,117.07,300,117.09,200
09:00:00.427,IWM,117.08,100,117.09,100
09:00:00.427,IWM,117.08,200,117.09,2000
09:00:00.428,IWM,117.08,100,117.09,2000
09:00:00.429,IWM,117.07,3000,117.09,2100
09:00:00.430,SPY,205.22,700,205.23,846
09:00:00.430,SPY,205.22,900,205.23,846
09:00:00.430,SPY,205.22,700,205.23,846
09:00:00.430,SPY,205.22,500,205.23,1046
09:00:00.431,SPY,205.22,700,205.23,1046
09:00:00.432,IWM,117.07,3300,117.09,2150
09:00:00.433,SPY,205.22,500,205.23,1046
09:00:00.439,SPY,205.22,700,205.23,1046
09:00:00.440,SPY,205.22,500,205.23,1046
09:00:00.440,SPY,205.22,700,205.23,1046
09:00:00.456,SPY,205.22,500,205.23,1046
09:00:00.460,SPY,205.22,400,205.23,1046
09:00:00.460,SPY,205.22,200,205.23,1046
09:00:00.460,SPY,205.21,3000,205.23,1046
09:00:00.479,IWM,117.07,3000,117.09,2150
09:00:00.486,IWM,117.07,3300,117.08,2150
09:00:00.488,SPY,205.22,100,205.23,1446
09:00:00.492,SPY,205.22,300,205.23,1446
09:00:00.531,IWM,117.07,3100,117.08,100
09:00:00.533,SPY,205.22,200,205.23,1446
09:00:00.536,IWM,117.07,3200,117.08,100
09:00:00.536,IWM,117.07,3100,117.08,100
09:00:00.537,IWM,117.07,2100,117.08,100
09:00:00.538,IWM,117.07,400,117.08,100
09:00:00.538,SPY,205.21,3000,205.23,1446
09:00:00.538,SPY,205.21,2900,205.23,1446
09:00:00.541,IWM,117.07,300,117.08,100
09:00:00.541,IWM,117.07,200,117.08,100
09:00:00.545,IWM,117.07,1200,117.08,100
09:00:00.545,IWM,117.07,2900,117.08,100
09:00:00.545,IWM,117.07,3000,117.08,100
09:00:00.545,SPY,205.22,200,205.23,3446
09:00:00.546,IWM,117.07,3100,117.08,90
09:00:00.546,IWM,117.08,110,117.09,2100
09:00:00.546,IWM,117.08,310,117.09,2100
09:00:00.546,IWM,117.08,410,117.09,2100
09:00:00.546,IWM,117.08,510,117.09,2000
09:00:00.548,IWM,117.08,410,117.09,2000
09:00:00.552,IWM,117.08,510,117.09,2000
09:00:00.552,IWM,117.08,610,117.09,2000
09:00:00.564,IWM,117.08,510,117.09,2000
09:00:00.564,IWM,117.08,410,117.09,2050
09:00:00.564,IWM,117.08,310,117.09,2000
09:00:00.564,SPY,205.21,2600,205.23,3446
09:00:00.565,IWM,117.08,110,117.09,2000
09:00:00.567,SPY,205.21,2400,205.22,400
09:00:00.567,SPY,205.21,2200,205.22,400
09:00:00.567,SPY,205.21,1538,205.22,400
09:00:00.567,SPY,205.21,869,205.22,400
09:00:00.567,SPY,205.21,669,205.22,400
09:00:00.567,SPY,205.2,200,205.22,400
09:00:00.567,SPY,205.2,100,205.22,1031
09:00:00.571,IWM,117.08,210,117.09,2000
09:00:00.581,SPY,205.2,200,205.21,31
09:00:00.581,SPY,205.2,400,205.22,3124
09:00:00.581,SPY,205.2,300,205.22,3124
09:00:00.590,SPY,205.2,400,205.22,3124
09:00:00.617,SPY,205.2,600,205.22,3124
09:00:00.617,SPY,205.2,700,205.22,3124
09:00:00.617,SPY,205.2,900,205.22,3124
09:00:00.617,SPY,205.2,1100,205.22,3124
09:00:00.617,SPY,205.2,1300,205.22,3124
09:00:00.617,SPY,205.2,1400,205.22,3124
09:00:00.632,SPY,205.2,1569,205.22,3046
09:00:00.632,SPY,205.2,1769,205.22,3046
09:00:00.632,SPY,205.2,1569,205.22,3046
09:00:00.632,SPY,205.2,1400,205.22,3046
09:00:00.633,SPY,205.2,1366,205.22,1046
09:00:00.633,SPY,205.2,1466,205.22,1046
09:00:00.634,AAPL,112.88,114,112.9,100
09:00:00.636,AAPL,112.88,117,112.9,100
09:00:00.661,IWM,117.08,100,117.1,2100
09:00:00.663,SPY,205.21,200,205.22,1000
09:00:00.663,SPY,205.21,369,205.22,1000
09:00:00.693,SPY,205.21,368,205.22,2800
09:00:00.713,EEM,39.2,19830,39.21,13100
09:00:00.730,IWM,117.08,200,117.09,800
09:00:00.853,SPY,205.21,468,205.22,600
09:00:00.853,SPY,205.21,568,205.22,600
09:00:00.854,SPY,205.21,768,205.22,200
09:00:00.854,SPY,205.21,968,205.22,200
09:00:00.854,SPY,205.21,1168,205.22,200
09:00:00.857,AAPL,112.89,100,112.9,100
09:00:00.857,SPY,205.21,1368,205.23,3278
09:00:00.857,SPY,205.21,1468,205.23,3278
09:00:00.857,SPY,205.22,2631,205.23,3178
09:00:00.857,SPY,205.22,2731,205.23,3178
09:00:00.857,SPY,205.22,2831,205.23,3178
09:00:00.857,SPY,205.22,3031,205.23,3100
09:00:00.857,SPY,205.22,3231,205.23,3100
09:00:00.857,SPY,205.22,3331,205.23,3100
09:00:00.857,SPY,205.22,3231,205.23,3100
09:00:00.859,SPY,205.22,3031,205.23,3100
09:00:00.862,SPY,205.22,2831,205.23,3100
09:00:00.869,SPY,205.22,2731,205.23,3100
09:00:00.872,SPY,205.22,2631,205.23,3100
09:00:00.883,IWM,117.08,1900,117.09,800
09:00:00.885,SPY,205.22,2731,205.23,1478
09:00:00.886,SPY,205.22,2631,205.23,1478
09:00:00.907,SPY,205.21,1368,205.23,3678
09:00:00.908,SPY,205.21,1168,205.22,800
09:00:00.908,SPY,205.21,968,205.22,800
09:00:00.909,SPY,205.21,768,205.22,800
09:00:00.937,SPY,205.21,568,205.22,800
09:00:00.965,AAPL,112.89,200,112.91,200
09:00:00.965,AAPL,112.89,300,112.91,200
09:00:00.965,AAPL,112.89,400,112.91,200
09:00:00.965,AAPL,112.89,500,112.91,200
09:00:00.967,AAPL,112.89,400,112.91,200
09:00:00.967,AAPL,112.89,300,112.91,200
09:00:00.975,AAPL,112.89,200,112.91,300
09:00:00.975,AAPL,112.89,100,112.91,300
09:00:00.992,SPY,205.21,768,205.22,400
09:00:00.992,SPY,205.21,968,205.22,200
09:00:01.013,SPY,205.21,768,205.22,400
09:00:01.021,AAPL,112.88,117,112.91,300
09:00:01.021,AAPL,112.88,110,112.91,300
09:00:01.023,AAPL,112.88,107,112.89,300
09:00:01.023,AAPL,112.88,103,112.89,300
09:00:01.023,AAPL,112.88,10,112.89,300
09:00:01.025,AAPL,112.88,3,112.89,200
09:00:01.025,AAPL,112.87,100,112.89,200
09:00:01.026,AAPL,112.84,200,112.87,100
09:00:01.026,AAPL,112.84,100,112.87,300
09:00:01.026,AAPL,112.83,200,112.87,300
09:00:01.026,AAPL,112.85,100,112.87,300
09:00:01.027,AAPL,112.83,200,112.87,300
09:00:01.027,SPY,205.21,568,205.22,400
09:00:01.028,AAPL,112.84,100,112.86,100
09:00:01.028,AAPL,112.84,300,112.87,100
09:00:01.029,AAPL,112.84,100,112.87,100
09:00:01.031,IWM,117.08,2000,117.1,100
09:00:01.031,IWM,117.08,2100,117.11,2900
09:00:01.031,IWM,117.08,2200,117.11,2900
09:00:01.032,AAPL,112.83,200,112.87,200
09:00:01.032,AAPL,112.85,100,112.87,200
09:00:01.032,IWM,117.08,2100,117.11,2900
09:00:01.032,IWM,117.09,100,117.11,3400
09:00:01.032,IWM,117.09,200,117.11,3400
09:00:01.032,SPY,205.21,768,205.22,600
09:00:01.033,IWM,117.09,100,117.11,3400
09:00:01.033,IWM,117.08,1900,117.11,3400
09:00:01.033,IWM,117.08,1800,117.11,3400
09:00:01.034,SPY,205.21,968,205.23,3678
09:00:01.034,SPY,205.21,1168,205.23,3678
09:00:01.034,SPY,205.21,1368,205.23,3678
09:00:01.042,SPY,205.21,1567,205.23,3678
09:00:01.046,AAPL,112.86,200,112.88,200
09:00:01.046,AAPL,112.86,300,112.88,200
09:00:01.046,AAPL,112.86,400,112.88,200
09:00:01.047,AAPL,112.86,300,112.88,200
09:00:01.055,SPY,205.21,1736,205.23,3678
09:00:01.074,IWM,117.08,2800,117.1,3089
09:00:01.094,SPY,205.21,1536,205.23,1678
09:00:01.102,IWM,117.08,1800,117.1,3089
09:00:01.117,SPY,205.21,1736,205.23,1678
09:00:01.117,SPY,205.21,3736,205.23,1678
09:00:01.119,SPY,205.21,3536,205.23,1678
09:00:01.119,SPY,205.21,3336,205.23,1678
09:00:01.119,SPY,205.21,3137,205.23,1678
09:00:01.119,SPY,205.21,2938,205.23,1678
09:00:01.119,SPY,205.21,2738,205.23,3678
09:00:01.120,SPY,205.21,2538,205.23,3878
09:00:01.120,SPY,205.21,538,205.23,5578
09:00:01.150,AAPL,112.86,200,112.88,400
09:00:01.150,AAPL,112.86,100,112.88,400
09:00:01.162,SPY,205.21,838,205.23,5778
09:00:01.196,AAPL,112.84,200,112.88,300
09:00:01.196,AAPL,112.84,100,112.88,300
09:00:01.266,SPY,205.21,1038,205.23,3878
09:00:01.266,SPY,205.21,1238,205.23,3678
09:00:01.266,SPY,205.21,1438,205.23,3478
09:00:01.266,SPY,205.21,1638,205.23,3478
09:00:01.277,IWM,117.08,2800,117.1,1200
09:00:01.311,SPY,205.21,1438,205.23,1478
09:00:01.316,SPY,205.21,1638,205.23,1678
09:00:01.319,SPY,205.21,1438,205.23,1678
09:00:01.349,SPY,205.21,1638,205.23,1678
09:00:01.364,SPY,205.21,1438,205.23,1678
09:00:01.364,SPY,205.21,1238,205.23,1678
09:00:01.379,SPY,205.21,1038,205.23,2078
09:00:01.384,SPY,205.21,869,205.23,4278
09:00:01.422,SPY,205.21,1068,205.22,200
09:00:01.429,SPY,205.21,1268,205.22,200
09:00:01.431,SPY,205.21,1468,205.23,3678
09:00:01.431,SPY,205.21,1668,205.23,3678
09:00:01.461,SPY,205.21,1468,205.23,3678
09:00:01.469,BAC,17.61,12200,17.62,10900
09:00:01.507,SPY,205.21,1268,205.23,3678
09:00:01.528,SPY,205.21,1468,205.23,1678
09:00:01.528,SPY,205.21,1668,205.23,1678
09:00:01.581,IWM,117.08,1800,117.1,1200
09:00:01.583,SPY,205.21,1867,205.23,1678
09:00:01.584,IWM,117.08,2800,117.1,1200
09:00:01.584,SPY,205.21,1967,205.23,1478
09:00:01.593,SPY,205.21,1867,205.23,1478
09:00:01.635,AAPL,112.85,200,112.88,300
09:00:01.636,AAPL,112.87,100,112.88,300
09:00:01.641,AAPL,112.88,300,112.9,200
09:00:01.647,AAPL,112.89,100,112.9,200
09:00:01.648,AAPL,112.88,300,112.9,200
09:00:01.666,AAPL,112.87,100,112.89,400
09:00:01.787,AAPL,112.86,300,112.88,186
09:00:02.108,SPY,205.21,1667,205.23,1678
09:00:02.118,SPY,205.21,1867,205.23,1678
09:00:02.133,SPY,205.21,1667,205.23,1678
09:00:02.133,SPY,205.21,1567,205.23,1678
09:00:02.133,SPY,205.21,1367,205.23,1678
09:00:02.183,SPY,205.21,1467,205.23,1678
09:00:02.183,SPY,205.21,1667,205.23,1678
09:00:02.183,SPY,205.21,1867,205.23,1678
09:00:02.215,SPY,205.22,199,205.23,1678
09:00:02.228,BAC,17.61,14300,17.62,10900
09:00:02.260,IWM,117.09,100,117.1,200
09:00:02.292,SPY,205.22,299,205.24,1339
09:00:02.300,SPY,205.22,199,205.24,1339
09:00:02.368,SPY,205.22,399,205.23,800
09:00:02.373,SPY,205.22,199,205.23,700
09:00:02.398,BAC,17.61,14400,17.62,10900
09:00:02.453,SPY,205.22,399,205.24,1339
09:00:02.453,SPY,205.22,599,205.24,1339
09:00:02.453,SPY,205.22,799,205.24,1339
09:00:02.453,SPY,205.22,999,205.24,1339
09:00:02.453,SPY,205.22,1099,205.24,1339
09:00:02.453,SPY,205.22,1299,205.24,1139
09:00:02.453,SPY,205.22,1399,205.24,1139
09:00:02.454,SPY,205.22,1598,205.24,1139
09:00:02.454,SPY,205.22,1767,205.24,1139
09:00:02.454,SPY,205.22,1967,205.24,1100
09:00:02.454,SPY,205.22,2167,205.24,1100
09:00:02.454,SPY,205.22,2367,205.24,700
09:00:02.455,BAC,17.61,14900,17.62,10900
09:00:02.455,SPY,205.23,1000,205.24,700
09:00:02.455,SPY,205.23,1199,205.24,700
09:00:02.455,SPY,205.23,1368,205.24,700
09:00:02.455,SPY,205.23,1568,205.24,700
09:00:02.455,SPY,205.23,1768,205.24,700
09:00:02.455,SPY,205.23,1968,205.24,700
09:00:02.455,SPY,205.23,2168,205.24,400
09:00:02.455,SPY,205.23,2268,205.24,200
09:00:02.455,SPY,205.23,2068,205.24,200
09:00:02.455,SPY,205.23,2268,205.24,200
09:00:02.458,IWM,117.09,1800,117.12,2500
09:00:02.462,SPY,205.23,2068,205.24,400
09:00:02.463,SPY,205.23,1868,205.24,400
09:00:02.464,IWM,117.09,2800,117.12,2200
09:00:02.469,SPY,205.23,1669,205.24,400
09:00:02.469,SPY,205.23,1500,205.24,400
09:00:02.481,IWM,117.1,100,117.12,2200
09:00:02.505,SPY,205.23,500,205.24,600
09:00:02.505,SPY,205.23,400,205.24,600
09:00:02.506,SPY,205.23,200,205.24,600
09:00:02.506,SPY,205.22,1199,205.24,600
09:00:02.519,IWM,117.1,1800,117.12,1200
09:00:02.559,SPY,205.22,1399,205.24,800
09:00:02.565,SPY,205.23,200,205.24,800
09:00:02.611,SPY,205.22,1399,205.24,600
09:00:02.611,SPY,205.22,1199,205.24,1000
09:00:02.728,IWM,117.1,100,117.13,2300
09:00:02.768,SPY,205.22,1399,205.24,1000
09:00:02.778,IWM,117.1,1800,117.13,2300
09:00:02.829,SPY,205.23,199,205.24,1000
09:00:02.829,SPY,205.23,368,205.24,800
09:00:02.853,SPY,205.23,568,205.24,600
09:00:02.874,SPY,205.23,768,205.24,800
09:00:02.879,SPY,205.23,568,205.24,1000
09:00:02.941,EEM,39.2,19330,39.21,11600
09:00:02.943,IWM,117.1,2800,117.13,2300
09:00:02.968,IWM,117.1,2900,117.13,100
09:00:02.968,IWM,117.1,3000,117.13,100
09:00:02.968,SPY,205.23,768,205.24,600
09:00:02.971,SPY,205.23,968,205.24,400
09:00:02.981,SPY,205.23,768,205.24,400
09:00:03.033,IWM,117.1,4000,117.13,100
09:00:03.033,IWM,117.11,100,117.13,100
09:00:03.033,IWM,117.11,1100,117.13,100
09:00:03.034,IWM,117.11,2800,117.13,100
09:00:03.042,SPY,205.23,569,205.24,600
09:00:03.229,SPY,205.23,768,205.24,800
09:00:03.239,SPY,205.23,968,205.24,400
09:00:03.239,SPY,205.23,1168,205.24,400
09:00:03.270,SPY,205.23,1368,205.24,100
09:00:03.273,SPY,205.23,1168,205.24,100
09:00:03.323,SPY,205.23,1368,205.25,3739
09:00:03.324,SPY,205.23,1468,205.25,2129
09:00:03.324,SPY,205.23,1568,205.25,2129
09:00:03.324,SPY,205.23,3068,205.25,2129
09:00:03.325,IWM,117.12,100,117.14,200
09:00:03.325,SPY,205.23,5068,205.25,1829
09:00:03.325,SPY,205.23,5268,205.25,1829
09:00:03.325,SPY,205.24,1000,205.25,1790
09:00:03.325,SPY,205.24,1200,205.25,1790
09:00:03.325,SPY,205.24,1300,205.25,1590
09:00:03.325,SPY,205.24,1400,205.25,1590
09:00:03.325,SPY,205.24,1600,205.25,1090
09:00:03.326,EEM,39.2,19430,39.21,11000
09:00:03.326,SPY,205.24,2600,205.25,1090
09:00:03.327,SPY,205.24,2500,205.25,890
09:00:03.329,AAPL,112.87,100,112.9,1000
09:00:03.329,AAPL,112.87,200,112.9,1000
09:00:03.338,SPY,205.24,2400,205.25,890
09:00:03.339,AAPL,112.87,100,112.9,100
09:00:03.339,AAPL,112.86,300,112.9,100
09:00:03.341,EEM,39.2,19030,39.21,11000
09:00:03.346,SPY,205.24,2200,205.25,1090
09:00:03.366,IWM,117.11,2800,117.14,200
09:00:03.371,SPY,205.24,2400,205.25,1290
09:00:03.376,SPY,205.24,1400,205.25,1290
09:00:03.376,SPY,205.24,1200,205.25,1290
09:00:03.394,EEM,39.2,18930,39.21,11000
09:00:03.427,SPY,205.24,1400,205.25,1090
09:00:03.427,SPY,205.24,1600,205.25,1090
09:00:03.444,SPY,205.24,1400,205.25,1090
09:00:03.456,AAPL,112.87,100,112.91,300
09:00:03.456,AAPL,112.87,200,112.91,300
09:00:03.456,AAPL,112.88,100,112.91,300
09:00:03.462,SPY,205.24,1200,205.25,1290
09:00:03.468,AAPL,112.87,200,112.91,200
09:00:03.470,AAPL,112.9,100,112.91,200
09:00:03.472,AAPL,112.9,35,112.91,400
09:00:03.472,AAPL,112.86,100,112.91,500
09:00:03.473,AAPL,112.85,200,112.91,1200
09:00:03.473,AAPL,112.88,100,112.91,1200
09:00:03.474,AAPL,112.85,200,112.91,1300
09:00:03.474,AAPL,112.88,100,112.91,1300
09:00:03.475,AAPL,112.85,200,112.91,400
09:00:03.475,AAPL,112.88,100,112.91,400
09:00:03.475,AAPL,112.85,200,112.91,400
09:00:03.476,AAPL,112.88,100,112.91,400
09:00:03.476,AAPL,112.85,200,112.91,400
09:00:03.477,AAPL,112.88,100,112.91,400
09:00:03.477,AAPL,112.85,200,112.91,400
09:00:03.478,AAPL,112.88,100,112.91,400
09:00:03.478,AAPL,112.85,200,112.91,400
09:00:03.478,AAPL,112.88,100,112.91,400
09:00:03.479,AAPL,112.85,200,112.91,400
09:00:03.479,AAPL,112.88,100,112.91,400
09:00:03.480,AAPL,112.85,200,112.91,400
09:00:03.484,AAPL,112.9,100,112.91,300
09:00:03.494,AAPL,112.9,200,112.92,1688
09:00:03.494,AAPL,112.9,300,112.92,688
09:00:03.494,AAPL,112.91,100,112.92,688
09:00:03.494,AAPL,112.91,200,112.92,688
09:00:03.495,AAPL,112.91,300,112.92,688
09:00:03.496,AAPL,112.91,200,112.92,688
09:00:03.499,AAPL,112.91,100,112.92,888
09:00:03.508,AAPL,112.91,200,112.92,888
09:00:03.508,AAPL,112.91,300,112.92,888
09:00:03.509,AAPL,112.91,200,112.92,888
09:00:03.509,AAPL,112.91,100,112.92,888
09:00:03.518,AAPL,112.91,200,112.93,500
09:00:03.518,AAPL,112.91,300,112.93,500
09:00:03.518,AAPL,112.91,400,112.93,500
09:00:03.519,AAPL,112.92,100,112.93,500
09:00:03.519,AAPL,112.92,200,112.93,500
09:00:03.520,AAPL,112.92,500,112.93,500
09:00:03.529,AAPL,112.92,400,112.93,600
09:00:03.529,AAPL,112.92,300,112.93,600
09:00:03.538,AAPL,112.92,400,112.94,500
09:00:03.539,AAPL,112.93,100,112.94,400
09:00:03.539,AAPL,112.93,200,112.94,400
09:00:03.539,AAPL,112.93,300,112.94,400
09:00:03.540,AAPL,112.93,200,112.94,400
09:00:03.542,AAPL,112.93,100,112.94,600
09:00:03.542,AAPL,112.92,300,112.94,600
09:00:03.543,AAPL,112.91,200,112.93,800
09:00:03.551,AAPL,112.91,300,112.93,600
09:00:03.552,AAPL,112.91,500,112.93,300
09:00:03.553,AAPL,112.92,100,112.93,300
09:00:03.553,AAPL,112.92,200,112.93,300
09:00:03.553,AAPL,112.92,400,112.93,300
09:00:03.553,AAPL,112.92,300,112.93,300
09:00:03.559,AAPL,112.92,400,112.93,300
09:00:03.560,AAPL,112.92,300,112.93,300
09:00:03.562,AAPL,112.93,100,112.94,700
09:00:03.568,AAPL,112.93,200,112.94,700
09:00:03.569,AAPL,112.93,100,112.94,600
09:00:03.572,AAPL,112.93,200,112.95,400
09:00:03.572,AAPL,112.93,300,112.95,300
09:00:03.572,AAPL,112.94,100,112.95,300
09:00:03.572,AAPL,112.94,200,112.95,300
09:00:03.572,AAPL,112.94,300,112.95,300
09:00:03.573,AAPL,112.94,500,112.95,300
09:00:03.573,SPY,205.24,200,205.25,3029
09:00:03.574,AAPL,112.94,491,112.95,300
09:00:03.574,AAPL,112.94,400,112.95,300
09:00:03.574,AAPL,112.94,391,112.95,300
09:00:03.574,AAPL,112.94,291,112.95,300
09:00:03.574,AAPL,112.94,200,112.95,300
09:00:03.578,AAPL,112.93,100,112.95,300
09:00:03.800,AAPL,112.93,200,112.95,100
09:00:03.800,AAPL,112.93,100,112.94,200
09:00:03.873,SPY,205.24,400,205.25,1490
09:00:03.933,IWM,117.12,100,117.14,1000
09:00:04.136,BAC,17.61,14400,17.62,10600
09:00:04.149,SPY,205.24,336,205.25,1490
09:00:04.150,SPY,205.24,361,205.25,1529
09:00:04.186,SPY,205.24,333,205.25,1529
09:00:04.217,SPY,205.24,304,205.25,1529
09:00:04.406,SPY,205.24,504,205.25,600
09:00:04.406,SPY,205.24,604,205.25,400
09:00:04.407,SPY,205.24,704,205.25,400
09:00:04.407,SPY,205.24,904,205.25,400
09:00:04.417,SPY,205.24,804,205.25,400
09:00:04.417,SPY,205.24,704,205.25,400
09:00:04.441,SPY,205.24,504,205.25,400
09:00:04.887,SPY,205.24,304,205.25,1000
09:00:04.888,SPY,205.24,104,205.25,1000
09:00:04.926,SPY,205.24,204,205.25,1000
09:00:04.926,SPY,205.24,304,205.25,1000
09:00:04.945,SPY,205.24,504,205.25,800
